@article{Yang1999,
  author  = {杨瑞林 and 李力军},
  title   = {新型低合金高强韧性耐磨钢的研究},
  number  = {7},
  pages   = {41-45},
  journal = {钢铁},
  year    = {1999}
}

@article{Yu2012,
  author  = {于潇 and 刘义 and 柴跃廷 and 孙宏波},
  journal = {清华大学学报(自然科学版)},
  number  = {11},
  pages   = {1518-1523},
  title   = {互联网药品可信交易环境中主体资质审核备案模式},
  volume  = {52},
  year    = {2012}
}

@article{Schinstock2000,
  author  = {D.E. Schinstock and J.F. Cuttino},
  title   = {Real time kinematic solutions of a non-contacting, three dimensional metrology frame},
  number  = {1},
  pages   = {70-76},
  volume  = {24},
  journal = {Precision Engineering},
  year    = {2000}
}

@book{Wen1990,
  author    = {温诗铸},
  publisher = {清华大学出版社},
  title     = {摩擦学原理},
  year      = {1990},
  address   = {北京},
  pages     = {296-300}
}

@book{Jiang1998,
  author    = {蒋有绪 and 郭泉水 and 马娟 and 王兵 and 王丽丽 and 徐庆},
  publisher = {科学出版社},
  title     = {中国森林群落分类及其群落学特征},
  year      = {1998},
  address   = {北京},
  pages     = {5-17}
}

@mastersthesis{Jia2000,
  author  = {贾名字},
  school  = {上海交通大学},
  title   = {工程硕士论文撰写规范},
  year    = {2000},
  address = {上海},
  pages   = {177-178}
}

@patent{Zhang2012,
  number = {201220158825.2},
  author = {张凯军},
  title  = {轨道火车及高速轨道火车紧急安全制动辅助装置},
  date   = {2012-04-05}
}

@standard{S2010,
  title     = {文献著录: 第4部分~非书资料: GB/T 3792.4-2009},
  address   = {北京},
  author    = {全国信息与文献标准化技术委员会},
  year      = {2010},
  pages     = {3},
  publisher = {中国标准出版社}
}
